<?xml version="1.0" encoding="UTF-8"?><record xmlns="http://www.loc.gov/MARC21/slim" xmlns:cinclude="http://apache.org/cocoon/include/1.0" xmlns:zs="http://www.loc.gov/zing/srw/">
  <leader>00573cz  a2200145n  4500</leader>
  <controlfield tag="001">n  84147996 </controlfield>
  <controlfield tag="003">DLC</controlfield>
  <controlfield tag="005">20081121081132.0</controlfield>
  <controlfield tag="008">841119n| acannaabn          |a ana      </controlfield>
  <datafield tag="010" ind1=" " ind2=" ">
    <subfield code="a">n  84147996 </subfield>
  </datafield>
  <datafield tag="035" ind1=" " ind2=" ">
    <subfield code="a">(OCoLC)oca01236056</subfield>
  </datafield>
  <datafield tag="040" ind1=" " ind2=" ">
    <subfield code="a">DLC</subfield>
    <subfield code="b">eng</subfield>
    <subfield code="c">DLC</subfield>
    <subfield code="d">OCoLC</subfield>
  </datafield>
  <datafield tag="110" ind1="2" ind2=" ">
    <subfield code="a">Schweizerische Gesellschaft für Marketing.</subfield>
    <subfield code="b">Forschungsinstitut</subfield>
  </datafield>
  <datafield tag="410" ind1="2" ind2=" ">
    <subfield code="a">Forschungsinstitut der Schweizerischen Gesellschaft für Marketing</subfield>
  </datafield>
  <datafield tag="670" ind1=" " ind2=" ">
    <subfield code="a">Vademecum (Hergiswil (Niedwalden, Switzerland)). Vademecum, 1984:</subfield>
    <subfield code="b">t.p. (Forschungsinstitut der Schweizerischen Gesellschaft für Marketing)</subfield>
  </datafield>
</record>